[gd_scene load_steps=8 format=2]

[ext_resource path="res://Assets/Theme/Font/Tenor_Sans/TenorSans-Regular.ttf" type="DynamicFontData" id=1]
[ext_resource path="res://Assets/Audio/Superior_Product_Placement.mp3" type="AudioStream" id=2]
[ext_resource path="res://Source/Menu/TitleScreen.gd" type="Script" id=3]

[sub_resource type="Animation" id=2]
resource_name = "FadeIn"
length = 2.0
tracks/0/type = "value"
tracks/0/path = NodePath(".:volume_db")
tracks/0/interp = 1
tracks/0/loop_wrap = true
tracks/0/imported = false
tracks/0/enabled = true
tracks/0/keys = {
"times": PoolRealArray( 0, 2 ),
"transitions": PoolRealArray( 1, 1 ),
"update": 0,
"values": [ -60.0, 0.0 ]
}

[sub_resource type="Animation" id=3]
length = 0.001
tracks/0/type = "value"
tracks/0/path = NodePath(".:volume_db")
tracks/0/interp = 1
tracks/0/loop_wrap = true
tracks/0/imported = false
tracks/0/enabled = true
tracks/0/keys = {
"times": PoolRealArray( 0 ),
"transitions": PoolRealArray( 1 ),
"update": 0,
"values": [ 0.0 ]
}

[sub_resource type="DynamicFont" id=1]
size = 72
outline_size = 10
use_mipmaps = true
use_filter = true
extra_spacing_char = 6
font_data = ExtResource( 1 )

[sub_resource type="DynamicFont" id=4]
size = 72
outline_size = 5
use_mipmaps = true
use_filter = true
extra_spacing_char = 6
font_data = ExtResource( 1 )

[node name="TitleScreen" type="Control"]
anchor_right = 1.0
anchor_bottom = 1.0
script = ExtResource( 3 )
__meta__ = {
"_edit_use_anchors_": false
}

[node name="Bg" type="ColorRect" parent="."]
anchor_right = 1.0
anchor_bottom = 1.0
color = Color( 0.6, 0, 0, 1 )
__meta__ = {
"_edit_use_anchors_": false
}

[node name="Music" type="AudioStreamPlayer" parent="Bg"]
stream = ExtResource( 2 )

[node name="AnimationPlayer" type="AnimationPlayer" parent="Bg/Music"]
anims/FadeIn = SubResource( 2 )
anims/RESET = SubResource( 3 )

[node name="Sections" type="VBoxContainer" parent="."]
anchor_right = 1.0
anchor_bottom = 1.0
margin_left = 24.0
margin_top = 24.0
margin_right = -24.0
margin_bottom = -24.0
__meta__ = {
"_edit_use_anchors_": false
}

[node name="TitleName" type="Label" parent="Sections"]
margin_right = 492.0
margin_bottom = 275.0
size_flags_horizontal = 3
size_flags_vertical = 3
size_flags_stretch_ratio = 0.25
custom_colors/font_color = Color( 0.988235, 0.878431, 0, 1 )
custom_colors/font_outline_modulate = Color( 1, 1, 1, 1 )
custom_fonts/font = SubResource( 1 )
text = "What's For Dinner?"
align = 1
valign = 1
autowrap = true

[node name="Innerline" type="Label" parent="Sections/TitleName"]
anchor_right = 1.0
anchor_bottom = 1.0
size_flags_horizontal = 3
size_flags_vertical = 3
size_flags_stretch_ratio = 0.25
custom_colors/font_color = Color( 0.988235, 0.878431, 0, 1 )
custom_colors/font_outline_modulate = Color( 0, 0, 0, 1 )
custom_fonts/font = SubResource( 4 )
text = "What's For Dinner?"
align = 1
valign = 1
autowrap = true
__meta__ = {
"_edit_use_anchors_": false
}

[node name="Portrait" type="Control" parent="Sections"]
margin_top = 279.0
margin_right = 492.0
margin_bottom = 698.0
size_flags_horizontal = 3
size_flags_vertical = 3
size_flags_stretch_ratio = 0.38

[node name="Selections" type="Control" parent="Sections"]
margin_top = 702.0
margin_right = 492.0
margin_bottom = 1122.0
size_flags_horizontal = 3
size_flags_vertical = 3
size_flags_stretch_ratio = 0.38
